@book{russell2016artificial,
  title={Artificial Intelligence: a modern approach},
  author={Russell, Stuart J. and Norvig, Peter},
  edition={3},
  year={2009},
  publisher={Pearson}
}

@book{Sutton1998,
  added-at = {2019-07-13T10:11:53.000+0200},
  author = {Sutton, Richard S. and Barto, Andrew G.},
  biburl = {https://www.bibsonomy.org/bibtex/2f46601cf8b13d39d1378af0d79438b12/lanteunis},
  edition = {Second},
  interhash = {ac6b144aaec1819919a2fba9f705c852},
  intrahash = {f46601cf8b13d39d1378af0d79438b12},
  keywords = {},
  publisher = {The MIT Press},
  timestamp = {2019-07-13T10:11:53.000+0200},
  title = {Reinforcement Learning: An Introduction},
  url = {http://incompleteideas.net/book/the-book-2nd.html},
  year = {2018 }
}


@book{Discrete_Maths,
author = {Rosen, Kenneth H.},
title = {Discrete Mathematics and Its Applications},
year = {2019},
isbn = {978-1-259-67651-2},
publisher = {McGraw-Hill Higher Education},
edition = {8th},
}




@misc{aima,
  author = {aimacode},
  title = {aima-python},
  year = {2020},
  publisher = {GitHub},
  journal = {GitHub repository},
  howpublished = {\url{https://github.com/aimacode/aima-python}},
  commit = {668a2fb}
}